%%% Biber accepts '%' for marking comments

@online{GnutellaProtocol,
	author={Gnutella Developer Forum},
	title={The Annotated Gnutella Protocol Specification v0.4},
	date={2000},
	url={https://courses.cs.washington.edu/courses/cse522/05au/gnutella_protocol_0.4.pdf},
	urldate={2022-10-13},
	langid={english}
}

@online{napsterSpecification,
	author={drscholl},
	title={Napster Specification},
	date={2000},
	url={https://opennap.sourceforge.net/napster.txt},
	urldate={2022-10-15},
	langid={english}
}

@article{ritter2001gnutella,
  title={Why Gnutella Canâ€™t Scale. No, Really.},
  author={Ritter, Jordan},
  year={2001},
  langid={english}
}

@inproceedings{ripeanu2001peer,
  title={Peer-to-peer architecture case study: Gnutella network},
  author={Ripeanu, Matei},
  booktitle={Proceedings first international conference on peer-to-peer computing},
  pages={99--100},
  year={2001},
  organization={IEEE}
}

@article{zeinalipour2002exploiting,
  title={Exploiting the Security Weaknesses of the Gnutella Protocol},
  author={Zeinalipour-Yazti, Demetrios},
  journal={Computer Science},
  year={2002},
  publisher={Citeseer}
}

@article{poblocki2001napster,
  title={The Napster network community},
  author={Poblocki, Kacper},
  year={2001},
  publisher={Valauskas, Edward J.}
}

@inproceedings{pourebrahimi2005survey,
  title={A survey of peer-to-peer networks},
  author={Pourebrahimi, B and Bertels, K and Vassiliadis, S},
  booktitle={Proceedings of the 16th annual workshop on Circuits, Systems and Signal Processing},
  pages={570--577},
  year={2005},
  organization={Citeseer}
}

@online{napsterCourtRuling,
	author={Erica D. Rowell},
	title={Court Rules Against Napster},
	date={2001},
	url={https://abcnews.go.com/Technology/story?id=98767&page=1},
	urldate={2022-10-18},
	langid={english}
}

@online{napsterWrapster,
	author={John Borland},
	title={Court Rules Against Napster},
	date={2002},
	url={https://www.cnet.com/tech/services-and-software/napster-hack-allows-free-distribution-of-software-movies/},
	urldate={2022-10-18},
	langid={english}
}


@online{BitTorrentRelease,
	author={Bram Cohen},
	title={BitTorrent - a new P2P app},
	date={2001},
	url={https://web.archive.org/web/20080129085545/http://finance.groups.yahoo.com/group/decentralization/message/3160},
	urldate={2022-10-18},
	langid={english}
}

@online{BitTorrentClientMarketshare,
	author={Ernesto Van der Sar},
	title={uTorrent is the Most Used BitTorrent Client By Far},
	date={2020},
	url={https://torrentfreak.com/utorrent-is-the-most-used-bittorrent-client-by-far-200405/},
	urldate={2022-10-18},
	langid={english}
}

@online{BitTorrentTrafficPaloalto,
	author={Palo Alto Networks},
	title={Application Usage and Threat Report},
	date={2001},
	url={https://www.paloaltonetworks.com/blog/app-usage-risk-report-visualization/},
	urldate={2022-10-18},
	langid={english}
}

@online{BitTorrentTrafficSandvine,
	author={Sandvine},
	title={The Global Internet Phenomena Report January 2022},
	date={2022},
	url={https://www.sandvine.com/hubfs/Sandvine_Redesign_2019/Downloads/2022/Phenomena%20Reports/GIPR%202022/Sandvine%20GIPR%20January%202022.pdf},
	urldate={2022-10-18},
	langid={english}
}

@online{BitTorrentSpecification,
	author={Bram Cohen},
	title={The BitTorrent Protocol Specification},
	date={2008},
	url={https://www.bittorrent.org/beps/bep_0003.html},
	urldate={2022-10-18},
	langid={english}
}

@article{xia2010survey,
  title={A survey of BitTorrent Performance},
  author={Xia, Raymond Lei and Muppala, Jogesh K},
  journal={IEEE Communications surveys \& tutorials},
  volume={12},
  number={2},
  pages={140--158},
  year={2010},
  publisher={IEEE}
}

@article{gettys2011Bufferbloat,
  author={Gettys, Jim},
  journal={IEEE Internet Computing}, 
  title={Bufferbloat: Dark Buffers in the Internet}, 
  year={2011},
  volume={15},
  number={3},
  pages={96-96},
  doi={10.1109/MIC.2011.56}}

@techreport{shalunov2012low,
  title={Low extra delay background transport},
  author={Shalunov, Sea and Hazel, Greg and Iyengar, Janardhan and Kuehlewind, Mirja},
  year={2012}
}

@article{norberg2009utorrent,
  title={uTorrent transport protocol},
  author={Norberg, Arvid},
  journal={BitTorrent Extension Protocol},
  volume={29},
  year={2009}
}

@online{bittorrentUbuntuDownload,
	author={Ubuntu},
	title={Alternative Downloads},
	date={2022},
	url={https://ubuntu.com/download/alternative-downloads},
	urldate={2022-10-25},
	langid={english}
}

@article{kim2007impact,
  title={The impact of network service performance on customer satisfaction and loyalty: High-speed internet service case in Korea},
  author={Kim, Kwang-Jae and Jeong, In-Jun and Park, Jeong-Cheol and Park, Young-Jun and Kim, Chan-Gyu and Kim, Tae-Ho},
  journal={Expert Systems with Applications},
  volume={32},
  number={3},
  pages={822--831},
  year={2007},
  publisher={Elsevier}
}

@inproceedings{migliardi2015feasibility,
  title={On the Feasibility of Moderating a Peer-to-Peer CDN System: A Proof-of-Concept Implementation},
  author={Migliardi, Mauro and Merlo, Alessio and Passaglia, Andrea},
  booktitle={2015 10th International Conference on P2P, Parallel, Grid, Cloud and Internet Computing (3PGCIC)},
  pages={689--694},
  year={2015},
  organization={IEEE}
}

@article{xu2006analysis,
  title={Analysis of a CDN--P2P hybrid architecture for cost-effective streaming media distribution},
  author={Xu, Dongyan and Kulkarni, Sunil Suresh and Rosenberg, Catherine and Chai, Heung-Keung},
  journal={Multimedia Systems},
  volume={11},
  number={4},
  pages={383--399},
  year={2006},
  publisher={Springer}
}

@article{el2007bottorrent,
  title={BotTorrent: Misusing BitTorrent to Launch DDoS Attacks.},
  author={El Defrawy, Karim and Gjoka, Minas and Markopoulou, Athina},
  journal={SRUTI},
  volume={7},
  pages={1--6},
  year={2007}
}

@article{blackstonepredict,
  title={Predict Malicious Torrents online},
  author={Blackstone, Jeremy and Kamel, Kareem and Nygaard, Frederik and Jiang, Tong},
  year={2016}
}

@inproceedings{stute2018one,
  title={One Billion Apples' Secret Sauce: Recipe for the Apple Wireless Direct Link Ad hoc Protocol},
  author={Stute, Milan and Kreitschmann, David and Hollick, Matthias},
  booktitle={Proceedings of the 24th Annual International Conference on Mobile Computing and Networking},
  pages={529--543},
  year={2018}
}

@online{appleAirdrop,
	author={Apple},
	title={AirDrop security},
	date={2022},
	url={https://support.apple.com/guide/security/airdrop-security-sec2261183f4/1/web/1},
	urldate={2022-11-19},
	langid={english}
}

@online{openDrop,
	author={Stute, Milan and Heinrich, Alexander},
	title={OpenDrop},
	date={2022},
	url={https://github.com/seemoo-lab/opendrop},
	urldate={2022-11-19},
	langid={english}
}

@online{wotPlayerStatistics,
	author={Wargaming},
	title={World of Tanks PC Is Now Available on Steam},
	date={2021},
	url={https://wargaming.com/en/news/world-of-tanks-steam/},
	urldate={2022-11-24},
	langid={english}
}

@online{wotSystemRequirements,
	author={Wargaming},
	title={World of Tanks System Requirements},
	date={2022},
	url={https://worldoftanks.com/en/content/guide/general/system-requirements/},
	urldate={2022-11-24},
	langid={english}
}

@online{wargamingNetworkInteraction,
	author={Wargaming},
	title={How the Wargaming Game Center interacts with networks},
	date={2022},
	url={https://eu.wargaming.net/support/en/products/wgc/article/15745/},
	urldate={2022-11-24},
	langid={english}
}

@online{wotFaq,
	author={Wargaming},
	title={World of Tanks Frequently Asked Questions},
	date={2017},
	url={https://web.archive.org/web/20170303021456/http://worldoftanks.eu/en/content/guide/general/frequently_asked_questions/},
	urldate={2022-11-24},
	langid={english}
}

@online{osmApple,
	author={Apple},
	title={Apple Maps Acknowledgements},
	date={2022},
	url={https://gspe21-ssl.ls.apple.com/html/attribution.html},
	urldate={2022-11-25},
	langid={english}
}

@online{osmFacebook,
	author={Jonah Adkins},
	title={Launching the Facebook Map},
	date={2021},
	url={https://stamen.com/launching-the-facebook-map-8d028c4f0e0e/},
	urldate={2022-11-25},
	langid={english}
}


@online{osmStats,
	author={OpenStreetMap},
	title={OpenStreetMap Stats},
	date={2022},
	url={https://wiki.openstreetmap.org/wiki/Stats},
	urldate={2022-11-26},
	langid={english}
}

@online{osmPlanet,
	author={OpenStreetMap},
	title={Planet OSM},
	date={2022},
	url={https://planet.openstreetmap.org/},
	urldate={2022-11-26},
	langid={english}
}

@online{osmHardware,
	author={OpenStreetMap},
	title={OSMF Server Info},
	date={2022},
	url={https://hardware.openstreetmap.org/},
	urldate={2022-11-26},
	langid={english}
}

@online{osmFinances,
	author={OpenStreetMap},
	title={OSMF Finances},
	date={2022},
	url={https://wiki.osmfoundation.org/wiki/Finances},
	urldate={2022-11-26},
	langid={english}
}

@online{osmPlanetWarning,
	author={OpenStreetMap},
	title={Planet OSM},
	date={2022},
	url={https://web.archive.org/web/20221126125938/https://planet.openstreetmap.org/},
	urldate={2022-11-26},
	langid={english}
}

@online{osmPlanetTorrent,
	author={OpenStreetMap},
	title={Planet OSM},
	date={2022},
	url={https://github.com/openstreetmap/operations/issues/451},
	urldate={2022-11-26},
	langid={english}
}

@online{debianTorrent,
	author={Debian},
	title={Downloading Debian CD images with BitTorrent},
	date={2022},
	url={https://www.debian.org/CD/torrent-cd/},
	urldate={2022-11-26},
	langid={english}
}

@online{ubuntuTorrent,
	author={Ubuntu},
	title={Ubuntu Alternative downloads},
	date={2022},
	url={https://ubuntu.com/download/alternative-downloads},
	urldate={2022-11-26},
	langid={english}
}

@online{centOSTorrent,
	author={CentOS},
	title={CentOS Download},
	date={2022},
	url={https://www.centos.org/download/},
	urldate={2022-11-26},
	langid={english}
}

@online{microsoftP2P,
	author={Microsoft},
	title={Optimize Windows update delivery},
	date={2022},
	url={https://learn.microsoft.com/en-us/windows/deployment/do/waas-optimize-windows-10-updates},
	urldate={2022-11-29},
	langid={english}
}

@online{microsoftWUFB,
	author={Microsoft},
	title={What is Windows Update for Business?},
	date={2022},
	url={https://learn.microsoft.com/en-us/windows/deployment/update/waas-manage-updates-wufb},
	urldate={2022-11-29},
	langid={english}
}

@online{microsoftWSUS,
	author={Microsoft},
	title={Windows Server Update Services (WSUS)},
	date={2022},
	url={https://learn.microsoft.com/en-us/windows-server/administration/windows-server-update-services/get-started/windows-server-update-services-wsus},
	urldate={2022-11-29},
	langid={english}
}

@online{microsoftConfigMgr,
	author={Microsoft},
	title={What is Configuration Manager?},
	date={2022},
	url={https://learn.microsoft.com/en-gb/mem/configmgr/core/understand/introduction},
	urldate={2022-11-29},
	langid={english}
}

@online{microsoftDeliveryOpt,
	author={Microsoft},
	title={What is Delivery Optimization?},
	date={2022},
	url={https://learn.microsoft.com/en-us/windows/deployment/do/waas-delivery-optimization},
	urldate={2022-11-29},
	langid={english}
}


@online{microsoftDeliveryOptWorkflow,
	author={Microsoft},
	title={Delivery Optimization client-service communication explained},
	date={2022},
	url={https://learn.microsoft.com/en-us/windows/deployment/do/delivery-optimization-workflow},
	urldate={2022-11-29},
	langid={english}
}

@online{microsoftBranchCache,
	author={Microsoft},
	title={BranchCache Overview},
	date={2022},
	url={https://learn.microsoft.com/en-us/previous-versions/windows/it-pro/windows-7/dd637832(v=ws.10)},
	urldate={2022-11-29},
	langid={english}
}

@online{bitTorrentMagnet,
	author={Hazel, Greg and Norberg, Arvid},
	title={Extension for Peers to Send Metadata Files},
	date={2008},
	url={https://www.bittorrent.org/beps/bep_0009.html},
	urldate={2022-12-19},
	langid={english}
}

@online{bitTorrentExtensionProtocol,
	author={Norberg, Arvid and Strigeus Ludvig and Hazel, Greg},
	title={Extension Protocol},
	date={2008},
	url={https://www.bittorrent.org/beps/bep_0010.html},
	urldate={2022-12-19},
	langid={english}
}

@online{bitTorrentMultitrackerExtension,
	author={Hoffman, John},
	title={Multitracker Metadata Extension},
	date={2008},
	url={https://www.bittorrent.org/beps/bep_0012.html},
	urldate={2022-12-19},
	langid={english}
}

@online{steamP2P,
	author={Sims, Daniel},
	title={Peer-to-Peer LAN transfers are coming toÂ Steam},
	date={2022},
	url={https://www.techspot.com/news/96483-peer-peer-lan-transfers-coming-steam.html},
	urldate={2022-12-31},
	langid={english}
}